@article{Branke1995,
author = {Branke, J\"{u}rgen},
file = {:Users/aparnaelangovan/Library/Application Support/Mendeley Desktop/Downloaded/Branke - Unknown - Evolutionary Algorithms for Neural Network Design and Training(2).pdf:pdf},
journal = {Citeseer},
title = {{Evolutionary Algorithms for Neural Network Design and Training}},
url = {http://citeseerx.ist.psu.edu/viewdoc/summary?doi=10.1.1.57.6047},
year = {1995}
}
@article{Guyon2003,
author = {Guyon, Isabelle and Elisseeff, Andr\'{e}},
issn = {1532-4435},
journal = {The Journal of Machine Learning Research},
month = mar,
pages = {1157--1182},
publisher = {JMLR.org},
title = {{An introduction to variable and feature selection}},
url = {http://dl.acm.org/citation.cfm?id=944919.944968},
volume = {3},
year = {2003}
}
@article{Koehn1994,
author = {Koehn, Philipp},
file = {:Users/aparnaelangovan/Library/Application Support/Mendeley Desktop/Downloaded/Koehn - 1994 - Combining Genetic Algorithms and Neural Networks The Encoding Problem.pdf:pdf},
journal = {Citeseer},
title = {{Combining Genetic Algorithms and Neural Networks: The Encoding Problem}},
url = {http://citeseerx.ist.psu.edu/viewdoc/summary?doi=10.1.1.41.7330},
year = {1994}
}
@misc{McCaffrey2012,
author = {ames McCaffrey, J},
booktitle = {http://msdn.microsoft.com},
title = {{Test Run - Neural Network Back-Propagation for Programmers}},
url = {http://msdn.microsoft.com/en-us/magazine/jj658979.aspx},
urldate = {16/10/14},
year = {2012}
}
@misc{Sathyanarayana2014,
author = {Sathyanarayana, Shashi},
booktitle = {http://numericinsight.blogspot.com.au},
title = {{The Numerical and Insightful Blog: A Gentle Introduction to Backpropagation}},
url = {http://numericinsight.blogspot.com.au/2014/07/a-gentle-introduction-to-backpropagation.html},
urldate = {16/10/14},
year = {2014}
}
@article{Zhang2000,
author = {Zhang, G.P.},
doi = {10.1109/5326.897072},
issn = {10946977},
journal = {IEEE Transactions on Systems, Man and Cybernetics, Part C (Applications and Reviews)},
keywords = {Costs,Decision making,Humans,Input variables,Medical diagnosis,Medical diagnostic imaging,Network synthesis,Neural networks,Probability,Speech recognition,classification,conventional classifiers,feature variable selection,generalisation (artificial intelligence),generalization,learning,learning (artificial intelligence),misclassification costs,neural classifiers,neural nets,neural networks,pattern classification,posterior probability estimation},
language = {English},
number = {4},
pages = {451--462},
publisher = {IEEE},
title = {{Neural networks for classification: a survey}},
url = {http://ieeexplore.ieee.org/articleDetails.jsp?arnumber=897072 http://www-vis.lbl.gov/~romano/mlgroup/papers/neural-networks-survey.pdf},
volume = {30},
year = {2000}
}
@article{K2002,
author = {K, Stanley},
doi = {10.1162/106365602320169811},
journal = {IEEE},
title = {{Evolving Neural Networks through Augmenting Topologies}},
year = {2002}
}
